<record><leader>00000cas a22000007a 4500</leader><controlfield tag="001">29298094</controlfield><controlfield tag="008">931110d19091929nyuwr ne      0    0eng d</controlfield><datafield ind1=" " ind2=" " tag="010"><subfield code="a">sn 93063681 </subfield></datafield><datafield ind1=" " ind2=" " tag="040"><subfield code="a">NYS</subfield><subfield code="b">eng</subfield><subfield code="c">NYS</subfield><subfield code="d">NVF</subfield><subfield code="d">NYS</subfield><subfield code="d">OCLCF</subfield><subfield code="d">OCLCO</subfield></datafield><datafield ind1="1" ind2=" " tag="029"><subfield code="a">AU@</subfield><subfield code="b">000044243929</subfield></datafield><datafield ind1=" " ind2=" " tag="042"><subfield code="a">msc</subfield></datafield><datafield ind1="0" ind2="4" tag="245"><subfield code="a">The Journal and Republican and Lowville times.</subfield></datafield><datafield ind1=" " ind2=" " tag="260"><subfield code="a">Lowville, N.Y. :</subfield><subfield code="b">H.A. Phillips Pub. Co.,</subfield><subfield code="c">1909-1929.</subfield></datafield><datafield ind1=" " ind2=" " tag="300"><subfield code="a">21 v.</subfield></datafield><datafield ind1=" " ind2=" " tag="310"><subfield code="a">Weekly</subfield></datafield><datafield ind1="0" ind2=" " tag="362"><subfield code="a">Vol. 50, no. 24 (Apr. 29, 1909)-v. 70, no. 39 (July 18, 1929).</subfield></datafield><datafield ind1=" " ind2="0" tag="651"><subfield code="a">Lowville (N.Y.)</subfield><subfield code="v">Newspapers.</subfield></datafield><datafield ind1=" " ind2="0" tag="651"><subfield code="a">Lewis County (N.Y.)</subfield><subfield code="v">Newspapers.</subfield></datafield><datafield ind1=" " ind2="7" tag="655"><subfield code="a">Newspapers.</subfield><subfield code="2">fast</subfield><subfield code="0">(OCoLC)fst01423814</subfield></datafield><datafield ind1=" " ind2="7" tag="651"><subfield code="a">New York (State)</subfield><subfield code="z">Lewis County.</subfield><subfield code="2">fast</subfield><subfield code="0">(OCoLC)fst01219434</subfield></datafield><datafield ind1=" " ind2="7" tag="651"><subfield code="a">New York (State)</subfield><subfield code="z">Lowville.</subfield><subfield code="2">fast</subfield><subfield code="0">(OCoLC)fst01220447</subfield></datafield><datafield ind1=" " ind2=" " tag="752"><subfield code="a">United States</subfield><subfield code="b">New York</subfield><subfield code="c">Lewis</subfield><subfield code="d">Lowville.</subfield></datafield><datafield ind1="0" ind2="4" tag="780"><subfield code="t">Journal and Republican (Lowville, N.Y. : 1860)</subfield><subfield code="w">(DLC)sn 83031789</subfield><subfield code="w">(OCoLC)9972200</subfield></datafield><datafield ind1="0" ind2="4" tag="780"><subfield code="t">Lowville times (Lowville, N.Y. : 1896)</subfield><subfield code="w">(DLC)sn 89071376</subfield><subfield code="w">(OCoLC)20273838</subfield></datafield><datafield ind1="0" ind2="0" tag="785"><subfield code="t">Journal and Republican (Lowville, N.Y. : 1929)</subfield><subfield code="w">(DLC)sn 93063682</subfield><subfield code="w">(OCoLC)29298095</subfield></datafield></record>